@book{Raibert1986LeggedRobotsThatBalance,
address = {Cambridge, MA},
author = {Raibert, Marc},
isbn = {0262181177},
publisher = {MIT Press},
title = {{Legged Robots That Balance}},
url = {http://portal.acm.org/citation.cfm?id=6152&dl=GUIDE},
year = {1986}
}
@article{Vukobratovic2004ZeroMomentPoint,
author = {Vukobratovi\'{c}, Miomir and Borovac, Branislav},
issn = {0219-8436},
journal = {International Journal of Humanoid Robotics},
number = {01},
pages = {157--173},
publisher = {World Scientific},
title = {{Zero-moment point — thirty five years of its life}},
volume = {1},
year = {2004}
}
@inproceedings{Pratt1995SEA,
author = {Pratt, Gill A. and Williamson, Matthew M.},
booktitle = {IEEE/RSJ International Conference on Intelligent Robots and Systems (IROS)},
doi = {10.1109/IROS.1995.525827},
pages = {3137--3181},
title = {{Series elastic actuators}},
url = {http://ieeexplore.ieee.org/lpdocs/epic03/wrapper.htm?arnumber=525827},
year = {1995}
}

% NASA Mars Drone

@article{Ingenuity1,
  author          = {Balaram, J. and Canham, T. and Duncan, C. and Grip, H. and Johnson, W. and Maki, J. and Quon, A. and Stern, R. and Zhu, D},
  journal         = {AIAA, Scitech Forum},
  title           = {Technical Demonstration for a future Mars Helicopter},
  year            = {2018}
}

@article{Ingenuity2,
  author          = {Bayard, D. and Conway, D. and Brockers, R. and Delaune, J. and Matthies, L. and Grip, H. and Merewether, G. B. and Brown, T. L. and San Martin, A. M},
  journal         = {AIAA, Scitech Forum},
  title           = {Vision-Based Navigation for the NASA Mars Helicopter},
  year            = {2019}
}

@article{Ingenuity3,
  author          = {Johnson, W. and Withrow, S. and Young, L and Knoning, W. and Kuang, W and Malpica, C. and Balaram, J. and Tzanetos, T.},
  journal         = {AIAA, Ascend Forum},
  title           = {Mars Science Helicopter Conceptual Design},
  year            = {2020}
}



% LORNA:
@article{XVIO,
author = {Bayard, David S. and Conway, Dylan T. and Brockers, Roland and Delaune, Jeff and Matthies, Larry and Grip, Havard F. and Merewether, Gene and Brown, Travis and San Martin, A. Miguel},
title = {{Vision-Based Navigation for the NASA Mars Helicopter}},
year = {2019}
}

@article{XMBL,
author = {Offermann, Magnus and Delaune, Jeff and Brockers, Roland},
title = {{Map-based localization for micro air
vehicles autonomous navigation}},
year = {2021}
}

@article{SFM,
author = {Domnik, Matthias and Proenca, Pedro and Delaune, Jeff and Thiem, Jörg and Brockers, Roland},
title = {{Dense 3D-Reconstruction from Monocular Image Sequences
for Computationally Constrained UAS}},
journal = {2021 IEEE Winter Conference on Applications of Computer Vision (WACV)},
year = {2021}
}

@article{LSD1,
author = {Schoppmann, Pascal and Proenca, Pedro F. and Delaune, Jeff and Pantic, Michael and Hinzmann, Timo and Matthies, Larry and Siegwart, Roland and Brockers, Roland},
title = {{Multi-Resolution Elevation Mapping and Safe Landing Site Detection
with Applications to Planetary Rotorcraft}},
journal = {2021 IEEE/RSJ International Conference on Intelligent Robots and Systems (IROS)},
year = {2021}
}

@article{LSD2,
author = {Proenca, Pedro F. and Delaune, Jeff and Brockers, Roland},
title = {{Optimizing Terrain Mapping and Landing Site Detection for
Autonomous UAVs}},
journal = {2022 IEEE International Conference on Robotics and Automation (ICRA)},
year = {2022}
}

@misc{Autonomy,
author = {Di Pierno, Luca and Brockers, Roland and Hewitt, Robert},
title = {{Autonomous Long-Range Flight Execution for Future Mars Rotorcraft}},
year = {2024}
}

@article{LSDnSFM,
  author          = {Schoppmann, Pascal and Domnik, Matthias and Kubiak, Gerik and Tzanetos, Theodore and Proenca, Pedro F. and Delaune, Jeff and Brockers, Roland},
  conference         = {IEEE Aerospace Conference},
  title           = {Autonomous Safe Landing Site Detection for a Future Mars Science Helicopter},
  year            = {2021}
}

% Artificial Marker Methods
@inproceedings{Saripalli2002VisionBasedLanding,
  author = {Saripalli, S. and Montgomery, J. F. and Sukhatme, G. S.},
  title = {{Vision-based autonomous landing of an unmanned aerial vehicle}},
  booktitle = {IEEE International Conference on Robotics and Automation (ICRA)},
  volume = {3},
  year = {2002},
  pages = {2799--2804},
  publisher = {IEEE}
}

@inproceedings{Falanga2017QuadrotorLanding,
  author    = {Falanga, D. and Zanchettin, A. and Simovic, A. and Delmerico, J. and Scaramuzza, D.},
  title     = {{Vision-based autonomous quadrotor landing on a moving platform}},
  booktitle = {Proceedings of the IEEE International Symposium on Safety, Security and Rescue Robotics},
  address   = {Shanghai, China},
  year      = {2017}
}

@article{Mu2023VisionBasedLanding,
  author    = {Mu, Lingxia and Li, Qingliang and Wang, Ban and Zhang, Youmin and Feng, Nan and Xue, Xianghong and Sun, Wenzhe},
  title     = {A Vision-Based Autonomous Landing Guidance Strategy for a Micro-UAV by the Modified Camera View},
  journal   = {Drones},
  volume    = {7},
  number    = {6},
  pages     = {400},
  year      = {2023}
}

% Homography based methods
@inproceedings{Bosch2006AutonomousDetection,
  author    = {S. Bosch and S. Lacroix and F. Caballero},
  title     = {Autonomous Detection of Safe Landing Areas for an UAV from Monocular Images},
  booktitle = {IEEE/RSJ International Conference on Intelligent Robots and Systems},
  year      = {2006},
  address   = {Beijing},
  publisher = {IEEE}
}

@inproceedings{Brockers2011AutonomousLanding,
    author = {Brockers, R. and Bouffard, P. and Ma, J. and Matthies, L. and Tomlin, C.},
    title = {{Autonomous landing and ingress of micro-air-vehicles in urban environments based on monocular vision}},
    booktitle = {SPIE Defense, Security and Sensing},
    year = {2011}
}

@article{Desaraju2015VisionBased,
  author = {Desaraju, V. and Humenberger, M. and Michael, N. and Brockers, R. and Weiss, S. and Matthies, L.},
  title = {{Vision-based Landing Site Evaluation and Trajectory Generation Toward Rooftop Landing}},
  journal = {Autonomous Robots},
  volume = {39},
  number = {3},
  pages = {445--463},
  year = {2015},
  issn = {0929-5593},
}

@article{Brockers2014TowardsAutonomous,
  author = {Brockers, R. and Hummenberger, M. and Weiss, S. and Matthies, L.},
  title = {Towards Autonomous Navigation of Miniature UAV},
  journal = {IEEE Conference on Computer Vision and Pattern Recognition Workshops},
  pages = {645--651},
  year = {2014}
}

% LiDAR usage
@inproceedings{Trawny2015FlightTesting,
author = {Trawny, N. and Huertas, A. and Luna, M. and Villalpando, C. and Martin, K. and Carson, J. and Johnson, A.},
booktitle = {Proc. AIAA SciTech Conference},
title = {{Flight testing a real-time hazard detection system for safe lunar landing on the rocket-powered Morpheus vehicle}},
year = {2015}
}

@inproceedings{Luna2017Evaluation,
  author    = {Luna, M. and Almeida, E. and Spiers, G. and Villalpando, C. and Johnson, A. and Trawny, N.},
  title     = {Evaluation of the Simple Safe Site Selection (S4) Hazard Detection Algorithm using Helicopter Field Test Data},
  booktitle = {AIAA Guidance, Navigation, and Control Conference},
  year      = {2017}
}

@article{Johnson2002LidarBased,
  author = {Johnson, A. and Klumpp, A. and Collier, J. and Wolf, A.},
  title = {{Lidar-based hazard avoidance for safe landing on Mars}},
  journal = {AIAA Journal of Guidance, Control, and Dynamics},
  volume = {25},
  number = {5},
  year = {2002},
  issn = {0731-5090}
}

@article{Scherer2012AutonomousLanding,
  author = {Scherer, S. and Chamberlain, L. and Singh, S.},
  title = {Autonomous landing at unprepared sites by a full-scale helicopter},
  journal = {Journal of Robotics and Autonomous Systems},
  year = {2012}
}

% Lander predefined map

@inproceedings{Johnson2020Mars2020,
  author    = {Johnson, A. and Villaume, N. and Umsted, C. and Kourchians, A. and Sternberg, D. and Trawny, N. and Cheng, Y. and Giepel, E. and Montgomery, J.},
  title     = {{The Mars 2020 lander vision system field test}},
  booktitle = {Proc. AAS Guidance Navigation and Control Conference (AAS-20-105)},
  year      = {2020}
}

% Single non-centric DEM
@inproceedings{Johnson2005VisionGuided,
  author = {Johnson, A. and Montgomery, J. and Matthies, L.},
  booktitle = {IEEE Intl. Conf. on Robotics and Automation (ICRA)},
  title = {{Vision guided landing of an autonomous helicopter in hazardous terrain}},
  year = {2005}
}

% Modern 2.5D approaches

@inproceedings{Fankhauser2014RobotCentric,
author = {Fankhauser, P. and Bloesch, M. and Gehring, C. and Hutter, M. and Siegwart, R.},
booktitle = {International Conference on Climbing and Walking Robots (CLAWAR)},
title = {{Robot-centric elevation mapping with uncertainty estimates}},
year = {2014}
}

@inproceedings{Forster2015Continuous,
author = {Forster, Christian and Faessler, Matthias and Fontana, Fabio and Werlberger, Manuel and Scaramuzza, Davide},
booktitle = {IEEE International Conference on Robotics and Automation (ICRA)},
title = {{Continuous on-board monocular-vision based elevation mapping applied to autonomous landing of micro aerial vehicles}},
year = {2015}
}

@inproceedings{Daftry2018Robust,
  author = {Daftry, S. and Das, M. and Delaune, J. and Sorice, C. and Hewitt, R. and Reddy, S. and Lytle, D. and Gu, E. and Matthies, L.},
  title = {Robust Vision-based Autonomous Navigation, Mapping and Landing for {MAVs} at Night},
  booktitle = {International Symposium on Experimental Robotics ({ISER})},
  year = {2018}
}



% Learning Based Methods
@article{Neves2024Multimodal,
  author = {Neves, Francisco and Branco, Luís and Pereira, Maria and Claro, Rafael and Pinto, Andry},
  title = {{A Multimodal Learning-based Approach for Autonomous Landing of UAV}},
  journal = {arXiv, Mai 21, 2024},
  year = {2024},
}

@inproceedings{Abdollahzadeh2022SafeLandingZones,
  author    = {Abdollahzadeh, S. and Proulx, P.-L. and Allili, M.S. and Lapointe, J.-F.},
  title     = {Safe Landing Zones Detection for UAVs Using Deep Regression},
  booktitle = {2022 19th Conference on Robots and Vision (CRV)},
  pages     = {213--218},
  year      = {2022}
}

@article{TovanchePicon2024RealTimeSafeValidation,
author = {Tovanche-Picon, Hiram and González-Trejo, Juan and Flores-Abad, Alejandro and others},
title = {{Real-time safe validation of autonomous landing in populated areas: from virtual environments to Robot-In-The-Loop}},
journal = {Virtual Reality},
volume = {28},
number = {66},
year = {2024},
pages = {66},
publisher = {Springer}
}





% Fundamental Methods

@article{Stereo,
  author          = {Hirschmuller, Heiko},
  journal         = {IEEE Transactions on Pattern Analysis and Machine Intelligence},
  number          = {328-341},
  title           = {Stereo processing by semiglobal matching and mutual information},
  volume          = {30},
  year            = {2008}
}

@article{BA,
    author = {Yunfei Zhao and Xuesong Gao and Lei Zhang and Qingquan Li and Rui Fan and Yili Fu},
    title = {Feature-based visual simultaneous localization and mapping: a survey},
    journal = {IEEE Transactions on Intelligent Transportation Systems},
    volume = {21},
    number = {2},
    pages = {920-938},
    year = {2020},
    doi = {10.1109/TITS.2019.2908773}
}